@article{example,
  title           = {Example title},
  author          = {Smith, J},
  journal         = {Example journal},
  volume          = {54},
  number          = {7},
  pages           = {931--936},
  year            = {1964},
  publisher       = {Example publisher}
}

@article{superResOverview,
  title={Super-resolution image reconstruction: a technical overview},
  author={Sung Cheol Park and Min Kyu Park and Moon Gi Kang},
  journal={IEEE Signal Processing Magazine}, 
  volume={20},
  number={3},
  pages={21-36},
  year={2003},
  publisher={IEEE}
}